\documentclass{article}
\usepackage[spanish]{babel}
\usepackage[utf8]{inputenc}
\usepackage{booktabs}
\providecommand{\keywords}[1]{\textbf{\textit{Palabras Clave---}} #1}

\begin{document}
	\title{MÓDULO 6 - Proyecto Final}
	\author{David López Pretel}
	\maketitle
	\newpage
	\tableofcontents
	\newpage
	\begin{abstract}
		Resumen
	\end{abstract}

	\keywords{Detección de Anomalias, Outlier Detection}
	
	\section{Introduccion}
	\section{Estado del arte}
\end{document}